@book{MetevVeiko1998,
	author = {S. M. Metev and V. P. Veiko},
	title = {Laser Assisted Microtechnology},
	edition = {2},
	editor = {R. M. Osgood, Jr.},
	year = {1998},
	publisher = {Springer-Verlag},
	address = {Berlin, Germany},
}

@incollection{Breckling1989,
	author = {J. Breckling},
	editor = {J. Breckling},
	title = {The Analysis of Directional Time Series: Applications to Wind Speed
	         and Direction},
	booktitle = {Lecture Notes in Statistics},
	year = {1989},
	volume = {61},
	publisher = {Springer},
	address = {Berlin, Germany},
}

@article{Zhang1999,
	author = {S. Zhang and C. Zhu and J. K. O. Sin and P. K. T. Mok},
	title = {A novel ultrathin elevated channel low-temperature poly-Si TFT},
	journal = {IEEE Electron Device Lett.},
	volume = {20},
	pages = {569-571},
	month = {Nov},
	year = {1999},
}

@inproceedings{Wegmuller2000,
	author = {M. Wegmuller and J. P. von der Weid and P. Oberson and N. Gisin},
	title = {High resolution fiber distributed measurements with coherent OFDR},
	booktitle = {Proc. ECOC'00},
	year = {2000},
	note = {paper 11.3.4, p. 109},
}

@patent{Sorace1997,
	author = {R. E. Sorace and V. S. Reinhardt and S. A. Vaughn},
	title = {High-speed digital-to-RF converter},
	year = {1997},
	type = {U.S. Patent},
	number = {5668842},
	month = {Sept},
	day = {16},
}

@online{IEEEwebsite,
	title = {The IEEE website},
	year = {2002},
	url = {http://www.ieee.org/},
}

@online{IEEEtran,
	author = {M. Shell},
	title = {IEEEtran homepage on CTAN},
	year = {2002},
	url = {
	       http://www.ctan.org/texarchive/macros/latex/contrib/supported/IEEEtran/
	       },
}

@manual{Motorola1996,
	author = {{Motorola}},
	title = {{FLEXChip Signal Processor (MC68175/D)}},
	year = {1996},
}

@manual{OptoSpeedSA,
	author = {{Opto Speed SA}},
	title = {{PDCA12-70 data sheet}},
	year = {},
	address = {Mezzovico, Switzerland},
}

@mastersthesis{Karnik1999,
	author = {A. Karnik},
	title = {Performance of TCP congestion control with rate feedback: TCP/ABR
	         and rate adaptive TCP/IP},
	school = {Indian Institute of Science},
	address = {Bangalore, India},
	month = {Jan},
	year = {1999},
}

@techreport{Padhye1999,
	author = {J. Padhye and V. Firoiu and D. Towsley},
	title = {A stochastic model of TCP Reno congestion avoidance and control},
	institution = {Univ. of Massachusetts},
	address = {Amherst, MA},
	type = {CMPSCI Tech. Rep.},
	number = {99-02},
	year = {1999},
}

@standard{IEEE802.11,
	author = {{IEEE}},
	title = {Wireless LAN Medium Access Control (MAC) and Physical Layer (PHY)
	         Specification},
	year = {1997},
	type = {IEEE Std.},
	number = {802.11},
}
